@article{abdullah_usmani_pillai_marjani_hashem_2021, title={An Optimized Artificial Neural Network Model using Genetic Algorithm for Prediction of Traffic Emission Concentrations}, volume={12}, DOI={10.14569/ijacsa.2021.0120693}, number={6}, journal={International Journal of Advanced Computer Science and Applications}, author={Abdullah, Akibu Mahmoud and Usmani, Raja Sher Afgun and Pillai, Thulasyammal Ramiah and Marjani, Mohsen and Hashem, Ibrahim Abaker Targio}, year={2021}}
@article{cakir_sita_2020, title={Evaluating the performance of ANN in predicting the concentrations of ambient air pollutants in Nicosia}, volume={11}, DOI={10.1016/j.apr.2020.06.011}, number={12}, journal={Atmospheric Pollution Research}, author={Cakir, Sedef and Sita, Moro}, year={2020}, pages={2327–2334}}
@article{ghazali_ismail_2012, title={Air Quality Prediction Using Artificial Neural Network}, url={http://eprints.uthm.edu.my/2528/1/Air_Quality_Prediction_Using_Artificial_Neural_Network.pdf}, journal={Universiti Tun Hussein Onn Malaysia}, author={Ghazali, Suraya and Ismail, Lokman Hakim}, year={2012}}
@article{haddad_medhanie_roth_harel_sobel_2010, title={Predicting Odor Pleasantness with an Electronic Nose}, volume={6}, DOI={10.1371/journal.pcbi.1000740}, number={4}, journal={PLoS Computational Biology}, author={Haddad, Rafi and Medhanie, Abebe and Roth, Yehudah and Harel, David and Sobel, Noam}, year={2010}}
@article{patni_sharma_2019, title={Air Quality Prediction using Artificial Neural Networks}, DOI={10.1109/icactm.2019.8776774}, journal={2019 International Conference on Automation, Computational and Technology Management (ICACTM)}, author={Patni, Jagdish Chandra and Sharma, Hitesh Kumar}, year={2019}}
@article{rahman_lee_latif_s._2013, title={Forecasting of Air Pollution Index with Artificial Neural Network}, volume={63}, DOI={10.11113/jt.v63.1913}, number={2}, journal={Jurnal Teknologi}, author={Rahman, Nur Haizum Abd and Lee, Muhammad Hisyam and Latif, Mohd Talib and S., Suhartono}, year={2013}}
@article{saad_andrew_shakaff_saad_kamarudin_zakaria_2015, title={Classifying Sources Influencing Indoor Air Quality (IAQ) Using Artificial Neural Network (ANN)}, volume={15}, DOI={10.3390/s150511665}, number={5}, journal={Sensors}, author={Saad, Shaharil and Andrew, Allan and Shakaff, Ali and Saad, Abdul and Kamarudin, Azman and Zakaria, Ammar}, year={2015}, pages={11665–11684}}
@article{saad_andrew_shakaff_saad_kamarudin_zakaria_2015, title={Classifying Sources Influencing Indoor Air Quality (IAQ) Using Artificial Neural Network (ANN)}, volume={15}, DOI={10.3390/s150511665}, number={5}, journal={Sensors}, author={Saad, Shaharil and Andrew, Allan and Shakaff, Ali and Saad, Abdul and Kamarudin, Azman and Zakaria, Ammar}, year={2015}, pages={11665–11684}}
@article{singh_narasimhan_lakshminarayanan_2019, title={DeepAir: Air Quality Prediction using Deep Neural Network}, DOI={10.1109/tencon.2019.8929470}, journal={TENCON 2019 - 2019 IEEE Region 10 Conference (TENCON)}, author={Singh, Pratyush and Narasimhan, T Lakshmi and Lakshminarayanan, Chandra Shekar}, year={2019}}
@article{xie_ma_bai_2009, title={Prediction of Indoor Air Quality Using Artificial Neural Networks}, DOI={10.1109/icnc.2009.502}, journal={2009 Fifth International Conference on Natural Computation}, author={Xie, Hui and Ma, Fei and Bai, Qingyuan}, year={2009}}